<record><leader>00000cas a22000007a 4500</leader><controlfield tag="001">14202495</controlfield><controlfield tag="008">860910d18831899njudn ne      0    0eng d</controlfield><datafield ind1=" " ind2=" " tag="010"><subfield code="a">sn 86077144 </subfield></datafield><datafield ind1=" " ind2=" " tag="040"><subfield code="a">NPA</subfield><subfield code="b">eng</subfield><subfield code="c">NPA</subfield><subfield code="d">NJW</subfield><subfield code="d">CNK</subfield><subfield code="d">OCLCQ</subfield></datafield><datafield ind1=" " ind2=" " tag="042"><subfield code="a">msc</subfield></datafield><datafield ind1="0" ind2=" " tag="130"><subfield code="a">Post (Camden, N.J. : 1883)</subfield></datafield><datafield ind1="1" ind2="4" tag="245"><subfield code="a">The post.</subfield></datafield><datafield ind1="1" ind2="7" tag="246"><subfield code="a">Camden post</subfield></datafield><datafield ind1=" " ind2=" " tag="260"><subfield code="a">Camden, N.J. :</subfield><subfield code="b">Bartram L. Bonsall,</subfield><subfield code="c">1883-</subfield></datafield><datafield ind1=" " ind2=" " tag="300"><subfield code="a">v. :</subfield><subfield code="b">ill. (chiefly advertisements)</subfield></datafield><datafield ind1=" " ind2=" " tag="310"><subfield code="a">Daily (except Sun.)</subfield></datafield><datafield ind1="0" ind2=" " tag="362"><subfield code="a">Oct. 2, 1883-</subfield></datafield><datafield ind1="1" ind2=" " tag="362"><subfield code="a">Ceased with June 11, 1899 issue.</subfield></datafield><datafield ind1=" " ind2=" " tag="500"><subfield code="a">Published by Camden Post Printing and Pub. Co., 1886-&lt;1897&gt;.</subfield></datafield><datafield ind1=" " ind2=" " tag="500"><subfield code="a">Editor: Harry Bonsall, 1883-&lt;1897&gt;.</subfield></datafield><datafield ind1=" " ind2=" " tag="530"><subfield code="a">Also issued on microfilm by the Micro Photo Div., Bell &amp; Howell Co.</subfield></datafield><datafield ind1=" " ind2=" " tag="752"><subfield code="a">United States</subfield><subfield code="b">New Jersey</subfield><subfield code="c">Camden</subfield><subfield code="d">Camden.</subfield></datafield><datafield ind1="0" ind2="0" tag="780"><subfield code="t">Camden post</subfield><subfield code="w">(DLC)sn 86077143</subfield><subfield code="w">(OCoLC)14202491</subfield></datafield><datafield ind1="0" ind2="7" tag="785"><subfield code="t">Camden daily telegram</subfield><subfield code="w">(DLC)sn 87068202</subfield><subfield code="w">(OCoLC)16893584</subfield></datafield><datafield ind1="0" ind2="7" tag="785"><subfield code="t">Camden post-telegram</subfield><subfield code="w">(DLC)sn 86077145</subfield><subfield code="w">(OCoLC)14202501</subfield></datafield></record>